<?xml version="1.0" encoding="UTF-8"?><collection xmlns="http://www.loc.gov/MARC21/slim"><record><leader>00330nam--2200121-i-4500</leader><controlfield tag="001">000028510</controlfield><controlfield tag="002">20161230</controlfield><controlfield tag="005">20161230201037</controlfield><controlfield tag="008">060222s1000------------r-----000-0-eng-d</controlfield><datafield ind1=" " ind2=" " tag="080"><subfield code="a">32:621.039.9</subfield></datafield><datafield ind1=" " ind2=" " tag="245"><subfield code="a">Les garanties internationales et la nonproliferation des armes nucleaires</subfield></datafield><datafield ind1=" " ind2=" " tag="260"><subfield code="a">Vienna, Iaea, 1984, 30p</subfield></datafield><datafield ind1=" " ind2=" " tag="852"><subfield code="a">72633</subfield></datafield></record></collection>